@book{stanley2015catalan,
  title     = {Catalan numbers},
  author    = {Stanley, Richard P},
  year      = {2015},
  publisher = {Cambridge University Press}
}

@misc{stanley2008catalan,
  title  = {Catalan addendum},
  author = {Stanley, Richard P},
  year   = {2008}
}


@article{Wolfram_additif,
  author  = {Martin, Olivier and Odlyzko, Andrew and Wolfram, Stephen},
  year    = {1984},
  month   = {06},
  pages   = {},
  title   = {Algebraic Properties of Cellular Automata},
  volume  = {93},
  journal = {Communications in Mathematical Physics},
  doi     = {10.1007/BF01223745}
}


@article{art:2DGrid,
  author  = {Andris Ambainis and Kaspars Balodis and Jānis Iraids and Kamil Khadiev and Vladislavs Kļevickis and Krišjānis Prūsis and Yixin Shen and Juris Smotrovs and Jevgēnijs Vihrovs},
  year    = {2020},
  journal = {Leibniz International Proceedings in Informatics},
  title   = {Quantum Lower and Upper Bounds for 2D-Grid and Dyck Language},
  volume  = {170}
}

@inproceedings{DBLP:conf/uc/KhadievK21,
  author    = {Kamil Khadiev and
               Dmitry Kravchenko},
  editor    = {Irina Kostitsyna and
               Pekka Orponen},
  title     = {Quantum Algorithm for Dyck Language with Multiple Types of Brackets},
  booktitle = {Unconventional Computation and Natural Computation - 19th International
               Conference, {UCNC} 2021, Espoo, Finland, October 18-22, 2021, Proceedings},
  series    = {Lecture Notes in Computer Science},
  volume    = {12984},
  pages     = {68--83},
  publisher = {Springer},
  year      = {2021},
  url       = {https://doi.org/10.1007/978-3-030-87993-8\_5},
  doi       = {10.1007/978-3-030-87993-8\_5},
  timestamp = {Sat, 09 Apr 2022 12:39:24 +0200},
  biburl    = {https://dblp.org/rec/conf/uc/KhadievK21.bib},
  bibsource = {dblp computer science bibliography, https://dblp.org}
}